@article{Treutlein_2,
   author = {Treutlein, B. and Muschielok, A. and Andrecka, J. and Jawhari, A. and Buchen, C. and Kostrewa, D. and Hog, F. and Cramer, P. and Michaelis, J.},
   title = {Dynamic Architecture of a Minimal RNA Polymerase II Open Promoter Complex},
   journal = {Mol Cell},
   volume = {46},
   number = {2},
   pages = {136-46},
   year = {2012}}

@article{Rhee_24,
   author = {Rhee, H. S. and Pugh, B. F.},
   title = {Genome-wide structure and organization of eukaryotic pre-initiation complexes},
   journal = {Nature},
   volume = {483},
   number = {7389},
   pages = {295-301},
   year = {2012}}

@article{d_41,
   author = {de Wit, E. and de Laat, W.},
   title = {A decade of 3C technologies: insights into nuclear organization},
   journal = {Genes Dev},
   volume = {26},
   number = {1},
   pages = {11-24},
   year = {2012}}

@article{Xu_67,
   author = {Xu, M. and Sharma, P. and Pan, S. and Malik, S. and Roeder, R. G. and Martinez, E.},
   title = {Core promoter-selective function of HMGA1 and Mediator in Initiator-dependent transcription},
   journal = {Genes Dev},
   volume = {25},
   number = {23},
   pages = {2513-24},
   year = {2011}}

@article{Wollmann_100,
   author = {Wollmann, P. and Cui, S. and Viswanathan, R. and Berninghausen, O. and Wells, M. N. and Moldt, M. and Witte, G. and Butryn, A. and Wendler, P. and Beckmann, R. and Auble, D. T. and Hopfner, K. P.},
   title = {Structure and mechanism of the Swi2/Snf2 remodeller Mot1 in complex with its substrate TBP},
   journal = {Nature},
   volume = {475},
   number = {7356},
   pages = {403-7},
   year = {2011}}

@article{Takahashi_145,
   author = {Takahashi, H. and Parmely, T. J. and Sato, S. and Tomomori-Sato, C. and Banks, C. A. and Kong, S. E. and Szutorisz, H. and Swanson, S. K. and Martin-Brown, S. and Washburn, M. P. and Florens, L. and Seidel, C. W. and Lin, C. and Smith, E. R. and Shilatifard, A. and Conaway, R. C. and Conaway, J. W.},
   title = {Human mediator subunit MED26 functions as a docking site for transcription elongation factors},
   journal = {Cell},
   volume = {146},
   number = {1},
   pages = {92-104},
   year = {2011}}

@article{Papai_191,
   author = {Papai, G. and Weil, P. A. and Schultz, P.},
   title = {New insights into the function of transcription factor TFIID from recent structural studies},
   journal = {Curr Opin Genet Dev},
   volume = {21},
   number = {2},
   pages = {219-24},
   year = {2011}}

@article{MathWorks_215,
   author = {MathWorks},
   title = {MATLAB},
   year = {2011}}

@article{Liu_221,
   author = {Liu, Z. and Scannell, D. R. and Eisen, M. B. and Tjian, R.},
   title = {Control of embryonic stem cell lineage commitment by core promoter factor, TAF3},
   journal = {Cell},
   volume = {146},
   number = {5},
   pages = {720-31},
   year = {2011}}

@article{Levine_256,
   author = {Levine, M.},
   title = {Paused RNA polymerase II as a developmental checkpoint},
   journal = {Cell},
   volume = {145},
   number = {4},
   pages = {502-11},
   year = {2011}}

@article{Chandramouli_280,
   author = {Chandramouli, P. and Hernandez-Lopez, R. and Wang, H. W. and Leschziner, A. E.},
   title = {Validation of the orthogonal tilt reconstruction method with a biological test sample},
   journal = {J Struct Biol},
   volume = {175},
   number = {1},
   pages = {85-96},
   year = {2011}}

@article{Yakovchuk_306,
   author = {Yakovchuk, P. and Gilman, B. and Goodrich, J. A. and Kugel, J. F.},
   title = {RNA polymerase II and TAFs undergo a slow isomerization after the polymerase is recruited to promoter-bound TFIID},
   journal = {J Mol Biol},
   volume = {397},
   number = {1},
   pages = {57-68},
   year = {2010}}

@article{Theisen_341,
   author = {Theisen, J. W. and Lim, C. Y. and Kadonaga, J. T.},
   title = {Three key subregions contribute to the function of the downstream RNA polymerase II core promoter},
   journal = {Mol Cell Biol},
   volume = {30},
   number = {14},
   pages = {3471-9},
   year = {2010}}

@article{Parry_382,
   author = {Parry, T. J. and Theisen, J. W. and Hsu, J. Y. and Wang, Y. L. and Corcoran, D. L. and Eustice, M. and Ohler, U. and Kadonaga, J. T.},
   title = {The TCT motif, a key component of an RNA polymerase II transcription system for the translational machinery},
   journal = {Genes Dev},
   volume = {24},
   number = {18},
   pages = {2013-8},
   year = {2010}}

@article{Papai_418,
   author = {Papai, G. and Tripathi, M. K. and Ruhlmann, C. and Layer, J. H. and Weil, P. A. and Schultz, P.},
   title = {TFIIA and the transactivator Rap1 cooperate to commit TFIID for transcription initiation},
   journal = {Nature},
   volume = {465},
   number = {7300},
   pages = {956-60},
   year = {2010}}

@article{Leschziner_452,
   author = {Leschziner, A. E.},
   title = {The orthogonal tilt reconstruction method},
   journal = {Methods Enzymol},
   volume = {482},
   pages = {237-62},
   year = {2010}}

@article{Juven-Gershon_468,
   author = {Juven-Gershon, T. and Kadonaga, J. T.},
   title = {Regulation of gene expression via the core promoter and the basal transcriptional machinery},
   journal = {Dev Biol},
   volume = {339},
   number = {2},
   pages = {225-9},
   year = {2010}}

@article{Goodrich_503,
   author = {Goodrich, J. A. and Tjian, R.},
   title = {Unexpected roles for core promoter recognition factors in cell-type-specific transcription and gene regulation},
   journal = {Nat Rev Genet},
   volume = {11},
   number = {8},
   pages = {549-58},
   year = {2010}}

@article{Papai_539,
   author = {Papai, G. and Tripathi, M. K. and Ruhlmann, C. and Werten, S. and Crucifix, C. and Weil, P. A. and Schultz, P.},
   title = {Mapping the initiator binding Taf2 subunit in the structure of hydrated yeast TFIID},
   journal = {Structure},
   volume = {17},
   number = {3},
   pages = {363-73},
   year = {2009}}

@article{Liu_574,
   author = {Liu, W. L. and Coleman, R. A. and Ma, E. and Grob, P. and Yang, J. L. and Zhang, Y. and Dailey, G. and Nogales, E. and Tjian, R.},
   title = {Structures of three distinct activator-TFIID complexes},
   journal = {Genes Dev},
   volume = {23},
   number = {13},
   pages = {1510-21},
   year = {2009}}

@article{Lander_614,
   author = {Lander, G. C. and Stagg, S. M. and Voss, N. R. and Cheng, A. and Fellmann, D. and Pulokas, J. and Yoshioka, C. and Irving, C. and Mulder, A. and Lau, P. W. and Lyumkis, D. and Potter, C. S. and Carragher, B.},
   title = {Appion: an integrated, database-driven pipeline to facilitate EM image processing},
   journal = {J Struct Biol},
   volume = {166},
   number = {1},
   pages = {95-102},
   year = {2009}}

@article{Kostrewa_659,
   author = {Kostrewa, D. and Zeller, M. E. and Armache, K. J. and Seizl, M. and Leike, K. and Thomm, M. and Cramer, P.},
   title = {RNA polymerase II-TFIIB structure and mechanism of transcription initiation},
   journal = {Nature},
   volume = {462},
   number = {7271},
   pages = {323-30},
   year = {2009}}

@article{Elmlund_691,
   author = {Elmlund, H. and Baraznenok, V. and Linder, T. and Szilagyi, Z. and Rofougaran, R. and Hofer, A. and Hebert, H. and Lindahl, M. and Gustafsson, C. M.},
   title = {Cryo-EM reveals promoter DNA binding and conformational flexibility of the general transcription factor TFIID},
   journal = {Structure},
   volume = {17},
   number = {11},
   pages = {1442-52},
   year = {2009}}

@article{Liu_723,
   author = {Liu, W. L. and Coleman, R. A. and Grob, P. and King, D. S. and Florens, L. and Washburn, M. P. and Geles, K. G. and Yang, J. L. and Ramey, V. and Nogales, E. and Tjian, R.},
   title = {Structural changes in TAF4b-TFIID correlate with promoter selectivity},
   journal = {Mol Cell},
   volume = {29},
   number = {1},
   pages = {81-91},
   year = {2008}}

@article{Juven-Gershon_776,
   author = {Juven-Gershon, T. and Hsu, J. Y. and Kadonaga, J. T.},
   title = {Caudal, a key developmental regulator, is a DPE-specific transcriptional factor},
   journal = {Genes Dev},
   volume = {22},
   number = {20},
   pages = {2823-30},
   year = {2008}}

@article{Hsu_811,
   author = {Hsu, J. Y. and Juven-Gershon, T. and Marr, M. T., 2nd and Wright, K. J. and Tjian, R. and Kadonaga, J. T.},
   title = {TBP, Mot1, and NC2 establish a regulatory circuit that controls DPE-dependent versus TATA-dependent transcription},
   journal = {Genes Dev},
   volume = {22},
   number = {17},
   pages = {2353-8},
   year = {2008}}

@article{Tang_849,
   author = {Tang, G. and Peng, L. and Baldwin, P. R. and Mann, D. S. and Jiang, W. and Rees, I. and Ludtke, S. J.},
   title = {EMAN2: an extensible image processing suite for electron microscopy},
   journal = {J Struct Biol},
   volume = {157},
   number = {1},
   pages = {38-46},
   year = {2007}}

@article{Leschziner_883,
   author = {Leschziner, A. E. and Nogales, E.},
   title = {Visualizing flexibility at molecular resolution: analysis of heterogeneity in single-particle electron microscopy reconstructions},
   journal = {Annu Rev Biophys Biomol Struct},
   volume = {36},
   pages = {43-62},
   year = {2007}}

@article{Hohn_913,
   author = {Hohn, M. and Tang, G. and Goodyear, G. and Baldwin, P. R. and Huang, Z. and Penczek, P. A. and Yang, C. and Glaeser, R. M. and Adams, P. D. and Ludtke, S. J.},
   title = {SPARX, a new environment for Cryo-EM image processing},
   journal = {J Struct Biol},
   volume = {157},
   number = {1},
   pages = {47-55},
   year = {2007}}

@article{Hieb_948,
   author = {Hieb, A. R. and Halsey, W. A. and Betterton, M. D. and Perkins, T. T. and Kugel, J. F. and Goodrich, J. A.},
   title = {TFIIA changes the conformation of the DNA in TBP/TATA complexes and increases their kinetic stability},
   journal = {J Mol Biol},
   volume = {372},
   number = {3},
   pages = {619-32},
   year = {2007}}

@article{Grigorieff_982,
   author = {Grigorieff, N.},
   title = {FREALIGN: high-resolution refinement of single particle structures},
   journal = {J Struct Biol},
   volume = {157},
   number = {1},
   pages = {117-25},
   year = {2007}}

@article{Collins_1006,
   author = {Collins, R. F. and Saleem, M. and Derrick, J. P.},
   title = {Purification and three-dimensional electron microscopy structure of the Neisseria meningitidis type IV pilus biogenesis protein PilG},
   journal = {J Bacteriol},
   volume = {189},
   number = {17},
   pages = {6389-96},
   year = {2007}}

@article{Chen_1041,
   author = {Chen, J. Z. and Grigorieff, N.},
   title = {SIGNATURE: a single-particle selection system for molecular electron microscopy},
   journal = {J Struct Biol},
   volume = {157},
   number = {1},
   pages = {168-73},
   year = {2007}}

@article{Chapman_1066,
   author = {Chapman, R. D. and Heidemann, M. and Albert, T. K. and Mailhammer, R. and Flatley, A. and Meisterernst, M. and Kremmer, E. and Eick, D.},
   title = {Transcribing RNA polymerase II is phosphorylated at CTD residue serine-7},
   journal = {Science},
   volume = {318},
   number = {5857},
   pages = {1780-2},
   year = {2007}}

@article{Bhattacharya_1103,
   author = {Bhattacharya, S. and Takada, S. and Jacobson, R. H.},
   title = {Structural analysis and dimerization potential of the human TAF5 subunit of TFIID},
   journal = {Proc Natl Acad Sci U S A},
   volume = {104},
   number = {4},
   pages = {1189-94},
   year = {2007}}

@article{Albert_1129,
   author = {Albert, T. K. and Grote, K. and Boeing, S. and Stelzer, G. and Schepers, A. and Meisterernst, M.},
   title = {Global distribution of negative cofactor 2 subunit-alpha on human promoters},
   journal = {Proc Natl Acad Sci U S A},
   volume = {104},
   number = {24},
   pages = {10000-5},
   year = {2007}}

@article{Wright_1170,
   author = {Wright, K. J. and Marr, M. T., 2nd and Tjian, R.},
   title = {TAF4 nucleates a core subcomplex of TFIID and mediates activated transcription from a TATA-less promoter},
   journal = {Proc Natl Acad Sci U S A},
   volume = {103},
   number = {33},
   pages = {12347-52},
   year = {2006}}

@article{Thomas_1201,
   author = {Thomas, M. C. and Chiang, C. M.},
   title = {The general transcription machinery and general cofactors},
   journal = {Crit Rev Biochem Mol Biol},
   volume = {41},
   number = {3},
   pages = {105-78},
   year = {2006}}

@article{Leschziner_1228,
   author = {Leschziner, A. E. and Nogales, E.},
   title = {The orthogonal tilt reconstruction method: an approach to generating single-class volumes with no missing cone for ab initio reconstruction of asymmetric particles},
   journal = {J Struct Biol},
   volume = {153},
   number = {3},
   pages = {284-99},
   year = {2006}}

@article{Juven-Gershon_1249,
   author = {Juven-Gershon, T. and Cheng, S. and Kadonaga, J. T.},
   title = {Rational design of a super core promoter that enhances gene expression},
   journal = {Nat Methods},
   volume = {3},
   number = {11},
   pages = {917-22},
   year = {2006}}

@article{Grob_1281,
   author = {Grob, P. and Cruse, M. J. and Inouye, C. and Peris, M. and Penczek, P. A. and Tjian, R. and Nogales, E.},
   title = {Cryo-electron microscopy studies of human TFIID: conformational breathing in the integration of gene regulatory cues},
   journal = {Structure},
   volume = {14},
   number = {3},
   pages = {511-20},
   year = {2006}}

@article{Suloway_1311,
   author = {Suloway, C. and Pulokas, J. and Fellmann, D. and Cheng, A. and Guerra, F. and Quispe, J. and Stagg, S. and Potter, C. S. and Carragher, B.},
   title = {Automated molecular microscopy: the new Leginon system},
   journal = {J Struct Biol},
   volume = {151},
   number = {1},
   pages = {41-60},
   year = {2005}}

@article{Shao_1340,
   author = {Shao, H. and Revach, M. and Moshonov, S. and Tzuman, Y. and Gazit, K. and Albeck, S. and Unger, T. and Dikstein, R.},
   title = {Core promoter binding by histone-like TAF complexes},
   journal = {Mol Cell Biol},
   volume = {25},
   number = {1},
   pages = {206-19},
   year = {2005}}

@article{Kim_1387,
   author = {Kim, T. H. and Barrera, L. O. and Zheng, M. and Qu, C. and Singer, M. A. and Richmond, T. A. and Wu, Y. and Green, R. D. and Ren, B.},
   title = {A high-resolution map of active promoters in the human genome},
   journal = {Nature},
   volume = {436},
   number = {7052},
   pages = {876-80},
   year = {2005}}

@article{Gershenzon_1429,
   author = {Gershenzon, N. I. and Ioshikhes, I. P.},
   title = {Synergy of human Pol II core promoter elements revealed by statistical sequence analysis},
   journal = {Bioinformatics},
   volume = {21},
   number = {8},
   pages = {1295-300},
   year = {2005}}

@article{Westover_1456,
   author = {Westover, K. D. and Bushnell, D. A. and Kornberg, R. D.},
   title = {Structural basis of transcription: separation of RNA from DNA by RNA polymerase II},
   journal = {Science},
   volume = {303},
   number = {5660},
   pages = {1014-6},
   year = {2004}}

@article{Sorzano_1492,
   author = {Sorzano, C. O. and Marabini, R. and Velazquez-Muriel, J. and Bilbao-Castro, J. R. and Scheres, S. H. and Carazo, J. M. and Pascual-Montano, A.},
   title = {XMIPP: a new generation of an open-source image processing package for electron microscopy},
   journal = {J Struct Biol},
   volume = {148},
   number = {2},
   pages = {194-204},
   year = {2004}}

@article{Lim_1522,
   author = {Lim, C. Y. and Santoso, B. and Boulay, T. and Dong, E. and Ohler, U. and Kadonaga, J. T.},
   title = {The MTE, a new core promoter element for transcription by RNA polymerase II},
   journal = {Genes Dev},
   volume = {18},
   number = {13},
   pages = {1606-17},
   year = {2004}}

@article{Leurent_1554,
   author = {Leurent, C. and Sanders, S. L. and Demeny, M. A. and Garbett, K. A. and Ruhlmann, C. and Weil, P. A. and Tora, L. and Schultz, P.},
   title = {Mapping key functional sites within yeast TFIID},
   journal = {EMBO J},
   volume = {23},
   number = {4},
   pages = {719-27},
   year = {2004}}

@article{Fischer_1588,
   author = {Fischer, H. and Polikarpov, I. and Craievich, A. F.},
   title = {Average protein density is a molecular-weight-dependent function},
   journal = {Protein Sci},
   volume = {13},
   number = {10},
   pages = {2825-8},
   year = {2004}}

@article{Bushnell_1611,
   author = {Bushnell, D. A. and Westover, K. D. and Davis, R. E. and Kornberg, R. D.},
   title = {Structural basis of transcription: an RNA polymerase II-TFIIB cocrystal at 4.5 Angstroms},
   journal = {Science},
   volume = {303},
   number = {5660},
   pages = {983-8},
   year = {2004}}

@article{Ogura_1656,
   author = {Ogura, T. and Iwasaki, K. and Sato, C.},
   title = {Topology representing network enables highly accurate classification of protein images taken by cryo electron-microscope without masking},
   journal = {J Struct Biol},
   volume = {143},
   number = {3},
   pages = {185-200},
   year = {2003}}

@article{Mindell_1684,
   author = {Mindell, J. A. and Grigorieff, N.},
   title = {Accurate determination of local defocus and specimen tilt in electron microscopy},
   journal = {J Struct Biol},
   volume = {142},
   number = {3},
   pages = {334-47},
   year = {2003}}

@article{Levine_1710,
   author = {Levine, M. and Tjian, R.},
   title = {Transcription regulation and animal diversity},
   journal = {Nature},
   volume = {424},
   number = {6945},
   pages = {147-51},
   year = {2003}}

@article{Johnson_1736,
   author = {Johnson, K. M. and Carey, M.},
   title = {Assembly of a mediator/TFIID/TFIIA complex bypasses the need for an activator},
   journal = {Curr Biol},
   volume = {13},
   number = {9},
   pages = {772-7},
   year = {2003}}

@article{Werten_1763,
   author = {Werten, S. and Mitschler, A. and Romier, C. and Gangloff, Y. G. and Thuault, S. and Davidson, I. and Moras, D.},
   title = {Crystal structure of a subcomplex of human transcription factor TFIID formed by TATA binding protein-associated factors hTAF4 (hTAF(II)135) and hTAF12 (hTAF(II)20)},
   journal = {J Biol Chem},
   volume = {277},
   number = {47},
   pages = {45502-9},
   year = {2002}}

@article{Leurent_1797,
   author = {Leurent, C. and Sanders, S. and Ruhlmann, C. and Mallouh, V. and Weil, P. A. and Kirschner, D. B. and Tora, L. and Schultz, P.},
   title = {Mapping histone fold TAFs within yeast TFIID},
   journal = {EMBO J},
   volume = {21},
   number = {13},
   pages = {3424-33},
   year = {2002}}

@article{Johnson_1845,
   author = {Johnson, K. M. and Wang, J. and Smallwood, A. and Arayata, C. and Carey, M.},
   title = {TFIID and human mediator coactivator complexes assemble cooperatively on promoter DNA},
   journal = {Genes Dev},
   volume = {16},
   number = {14},
   pages = {1852-63},
   year = {2002}}

@article{Wu_1881,
   author = {Wu, S. Y. and Chiang, C. M.},
   title = {TATA-binding protein-associated factors enhance the recruitment of RNA polymerase II by transcriptional activators},
   journal = {J Biol Chem},
   volume = {276},
   number = {36},
   pages = {34235-43},
   year = {2001}}

@article{Selleck_1921,
   author = {Selleck, W. and Howley, R. and Fang, Q. and Podolny, V. and Fried, M. G. and Buratowski, S. and Tan, S.},
   title = {A histone fold TAF octamer within the yeast TFIID transcriptional coactivator},
   journal = {Nat Struct Biol},
   volume = {8},
   number = {8},
   pages = {695-700},
   year = {2001}}

@article{Naar_1968,
   author = {Naar, A. M. and Lemon, B. D. and Tjian, R.},
   title = {Transcriptional coactivator complexes},
   journal = {Annu Rev Biochem},
   volume = {70},
   pages = {475-501},
   year = {2001}}

@article{Kamada_1996,
   author = {Kamada, K. and Shu, F. and Chen, H. and Malik, S. and Stelzer, G. and Roeder, R. G. and Meisterernst, M. and Burley, S. K.},
   title = {Crystal structure of negative cofactor 2 recognizing the TBP-DNA transcription complex},
   journal = {Cell},
   volume = {106},
   number = {1},
   pages = {71-81},
   year = {2001}}

@article{Butler_2042,
   author = {Butler, J. E. and Kadonaga, J. T.},
   title = {Enhancer-promoter specificity mediated by DPE or TATA core promoter motifs},
   journal = {Genes Dev},
   volume = {15},
   number = {19},
   pages = {2515-9},
   year = {2001}}

@article{Willy_2067,
   author = {Willy, P. J. and Kobayashi, R. and Kadonaga, J. T.},
   title = {A basal transcription factor that activates or represses transcription},
   journal = {Science},
   volume = {290},
   number = {5493},
   pages = {982-5},
   year = {2000}}

@article{Lemon_2099,
   author = {Lemon, B. and Tjian, R.},
   title = {Orchestrated response: a symphony of transcription factors for gene control},
   journal = {Genes Dev},
   volume = {14},
   number = {20},
   pages = {2551-69},
   year = {2000}}

@article{Kutach_2124,
   author = {Kutach, A. K. and Kadonaga, J. T.},
   title = {The downstream promoter element DPE appears to be as widely used as the TATA box in Drosophila core promoters},
   journal = {Mol Cell Biol},
   volume = {20},
   number = {13},
   pages = {4754-64},
   year = {2000}}

@article{Jacobson_2160,
   author = {Jacobson, R. H. and Ladurner, A. G. and King, D. S. and Tjian, R.},
   title = {Structure and function of a human TAFII250 double bromodomain module},
   journal = {Science},
   volume = {288},
   number = {5470},
   pages = {1422-5},
   year = {2000}}

@article{Bagby_2202,
   author = {Bagby, S. and Mal, T. K. and Liu, D. and Raddatz, E. and Nakatani, Y. and Ikura, M.},
   title = {TFIIA-TAF regulatory interplay: NMR evidence for overlapping binding sites on TBP},
   journal = {FEBS Lett},
   volume = {468},
   number = {2-3},
   pages = {149-54},
   year = {2000}}

@article{Albright_2244,
   author = {Albright, S. R. and Tjian, R.},
   title = {TAFs revisited: more data reveal new twists and confirm old ideas},
   journal = {Gene},
   volume = {242},
   number = {1-2},
   pages = {1-13},
   year = {2000}}

@article{Ryu_2271,
   author = {Ryu, S. and Zhou, S. and Ladurner, A. G. and Tjian, R.},
   title = {The transcriptional cofactor complex CRSP is required for activity of the enhancer-binding protein Sp1},
   journal = {Nature},
   volume = {397},
   number = {6718},
   pages = {446-50},
   year = {1999}}

@article{Ludtke_2307,
   author = {Ludtke, S. J. and Baldwin, P. R. and Chiu, W.},
   title = {EMAN: semiautomated software for high-resolution single-particle reconstructions},
   journal = {J Struct Biol},
   volume = {128},
   number = {1},
   pages = {82-97},
   year = {1999}}

@article{Chalkley_2339,
   author = {Chalkley, G. E. and Verrijzer, C. P.},
   title = {DNA binding site selection by RNA polymerase II TAFs: a TAF(II)250-TAF(II)150 complex recognizes the initiator},
   journal = {EMBO J},
   volume = {18},
   number = {17},
   pages = {4835-45},
   year = {1999}}

@article{Brand_2375,
   author = {Brand, M. and Leurent, C. and Mallouh, V. and Tora, L. and Schultz, P.},
   title = {Three-dimensional structures of the TAFII-containing complexes TFIID and TFTC},
   journal = {Science},
   volume = {286},
   number = {5447},
   pages = {2151-3},
   year = {1999}}

@article{Andel_2407,
   author = {Andel, F., 3rd and Ladurner, A. G. and Inouye, C. and Tjian, R. and Nogales, E.},
   title = {Three-dimensional structure of the human TFIID-IIA-IIB complex},
   journal = {Science},
   volume = {286},
   number = {5447},
   pages = {2153-6},
   year = {1999}}

@article{Ozer_2445,
   author = {Ozer, J. and Mitsouras, K. and Zerby, D. and Carey, M. and Lieberman, P. M.},
   title = {Transcription factor IIA derepresses TATA-binding protein (TBP)-associated factor inhibition of TBP-DNA binding},
   journal = {J Biol Chem},
   volume = {273},
   number = {23},
   pages = {14293-300},
   year = {1998}}

@article{Ohtsuki_2485,
   author = {Ohtsuki, S. and Levine, M. and Cai, H. N.},
   title = {Different core promoters possess distinct regulatory activities in the Drosophila embryo},
   journal = {Genes Dev},
   volume = {12},
   number = {4},
   pages = {547-56},
   year = {1998}}

@article{Naar_2527,
   author = {Naar, A. M. and Beaurang, P. A. and Robinson, K. M. and Oliner, J. D. and Avizonis, D. and Scheek, S. and Zwicker, J. and Kadonaga, J. T. and Tjian, R.},
   title = {Chromatin, TAFs, and a novel multiprotein coactivator are required for synergistic activation by Sp1 and SREBP-1a in vitro},
   journal = {Genes Dev},
   volume = {12},
   number = {19},
   pages = {3020-31},
   year = {1998}}

@article{Liu_2574,
   author = {Liu, D. and Ishima, R. and Tong, K. I. and Bagby, S. and Kokubo, T. and Muhandiram, D. R. and Kay, L. E. and Nakatani, Y. and Ikura, M.},
   title = {Solution structure of a TBP-TAF(II)230 complex: protein mimicry of the minor groove surface of the TATA box unwound by TBP},
   journal = {Cell},
   volume = {94},
   number = {5},
   pages = {573-83},
   year = {1998}}

@article{Lagrange_2618,
   author = {Lagrange, T. and Kapanidis, A. N. and Tang, H. and Reinberg, D. and Ebright, R. H.},
   title = {New core promoter element in RNA polymerase II-dependent transcription: sequence-specific DNA binding by transcription factor IIB},
   journal = {Genes Dev},
   volume = {12},
   number = {1},
   pages = {34-44},
   year = {1998}}

@article{Jensen_2651,
   author = {Jensen, G. J. and Kornberg, R. D.},
   title = {Single-particle selection and alignment with heavy atom cluster-antibody conjugates},
   journal = {Proc Natl Acad Sci U S A},
   volume = {95},
   number = {16},
   pages = {9262-7},
   year = {1998}}

@article{Lieberman_2671,
   author = {Lieberman, P. M. and Ozer, J. and Gursel, D. B.},
   title = {Requirement for transcription factor IIA (TFIIA)-TFIID recruitment by an activator depends on promoter structure and template competition},
   journal = {Mol Cell Biol},
   volume = {17},
   number = {11},
   pages = {6624-32},
   year = {1997}}

@article{Emami_2707,
   author = {Emami, K. H. and Jain, A. and Smale, S. T.},
   title = {Mechanism of synergy between TATA and initiator: synergistic binding of TFIID following a putative TFIIA-induced isomerization},
   journal = {Genes Dev},
   volume = {11},
   number = {22},
   pages = {3007-19},
   year = {1997}}

@article{Burke_2739,
   author = {Burke, T. W. and Kadonaga, J. T.},
   title = {The downstream core promoter element, DPE, is conserved from Drosophila to humans and is recognized by TAFII60 of Drosophila},
   journal = {Genes Dev},
   volume = {11},
   number = {22},
   pages = {3020-31},
   year = {1997}}

@article{Albert_2770,
   author = {Albert, T. J. and Smith, M. D. and Bressler, E. and Johnson, L. J.},
   title = {An in vivo analysis of the dimensional changes of the neuroforamen after anterior cervical diskectomy and fusion: a radiologic investigation},
   journal = {J Spinal Disord},
   volume = {10},
   number = {3},
   pages = {229-33},
   year = {1997}}

@article{Xie_2805,
   author = {Xie, X. and Kokubo, T. and Cohen, S. L. and Mirza, U. A. and Hoffmann, A. and Chait, B. T. and Roeder, R. G. and Nakatani, Y. and Burley, S. K.},
   title = {Structural similarity between TAFs and the heterotetrameric core of the histone octamer},
   journal = {Nature},
   volume = {380},
   number = {6572},
   pages = {316-22},
   year = {1996}}

@article{va_2849,
   author = {van Heel, M. and Harauz, G. and Orlova, E. V. and Schmidt, R. and Schatz, M.},
   title = {A new generation of the IMAGIC image processing system},
   journal = {J Struct Biol},
   volume = {116},
   number = {1},
   pages = {17-24},
   year = {1996}}

@article{Oelgeschlager_2880,
   author = {Oelgeschlager, T. and Chiang, C. M. and Roeder, R. G.},
   title = {Topology and reorganization of a human TFIID-promoter complex},
   journal = {Nature},
   volume = {382},
   number = {6593},
   pages = {735-8},
   year = {1996}}

@article{Hoffmann_2911,
   author = {Hoffmann, A. and Chiang, C. M. and Oelgeschlager, T. and Xie, X. and Burley, S. K. and Nakatani, Y. and Roeder, R. G.},
   title = {A histone octamer-like structure within TFIID},
   journal = {Nature},
   volume = {380},
   number = {6572},
   pages = {356-9},
   year = {1996}}

@article{Geiger_2949,
   author = {Geiger, J. H. and Hahn, S. and Lee, S. and Sigler, P. B.},
   title = {Crystal structure of the yeast TFIIA/TBP/DNA complex},
   journal = {Science},
   volume = {272},
   number = {5263},
   pages = {830-6},
   year = {1996}}

@article{Frank_2988,
   author = {Frank, J. and Radermacher, M. and Penczek, P. and Zhu, J. and Li, Y. and Ladjadj, M. and Leith, A.},
   title = {SPIDER and WEB: processing and visualization of images in 3D electron microscopy and related fields},
   journal = {J Struct Biol},
   volume = {116},
   number = {1},
   pages = {190-9},
   year = {1996}}

@article{Chi_3023,
   author = {Chi, T. and Carey, M.},
   title = {Assembly of the isomerized TFIIA--TFIID--TATA ternary complex is necessary and sufficient for gene activation},
   journal = {Genes Dev},
   volume = {10},
   number = {20},
   pages = {2540-50},
   year = {1996}}

@article{Burley_3049,
   author = {Burley, S. K. and Roeder, R. G.},
   title = {Biochemistry and structural biology of transcription factor IID (TFIID)},
   journal = {Annu Rev Biochem},
   volume = {65},
   pages = {769-99},
   year = {1996}}

@article{Burke_3081,
   author = {Burke, T. W. and Kadonaga, J. T.},
   title = {Drosophila TFIID binds to a conserved downstream basal promoter element that is present in many TATA-box-deficient promoters},
   journal = {Genes Dev},
   volume = {10},
   number = {6},
   pages = {711-24},
   year = {1996}}

@article{Verrijzer_3120,
   author = {Verrijzer, C. P. and Chen, J. L. and Yokomori, K. and Tjian, R.},
   title = {Binding of TAFs to core elements directs promoter selectivity by RNA polymerase II},
   journal = {Cell},
   volume = {81},
   number = {7},
   pages = {1115-25},
   year = {1995}}

@article{Papavassiliou_3156,
   author = {Papavassiliou, A. G.},
   title = {Chemical nucleases as probes for studying DNA-protein interactions},
   journal = {Biochem J},
   volume = {305 ( Pt 2)},
   pages = {345-57},
   year = {1995}}

@article{Nikolov_3177,
   author = {Nikolov, D. B. and Chen, H. and Halay, E. D. and Usheva, A. A. and Hisatake, K. and Lee, D. K. and Roeder, R. G. and Burley, S. K.},
   title = {Crystal structure of a TFIIB-TBP-TATA-element ternary complex},
   journal = {Nature},
   volume = {377},
   number = {6545},
   pages = {119-28},
   year = {1995}}

@article{Sun_3221,
   author = {Sun, X. and Ma, D. and Sheldon, M. and Yeung, K. and Reinberg, D.},
   title = {Reconstitution of human TFIIA activity from recombinant polypeptides: a role in TFIID-mediated transcription},
   journal = {Genes Dev},
   volume = {8},
   number = {19},
   pages = {2336-48},
   year = {1994}}

@article{Purnell_3259,
   author = {Purnell, B. A. and Emanuel, P. A. and Gilmour, D. S.},
   title = {TFIID sequence recognition of the initiator and sequences farther downstream in Drosophila class II genes},
   journal = {Genes Dev},
   volume = {8},
   number = {7},
   pages = {830-42},
   year = {1994}}

@article{Li_3296,
   author = {Li, X. and Noll, M.},
   title = {Compatibility between enhancers and promoters determines the transcriptional specificity of gooseberry and gooseberry neuro in the Drosophila embryo},
   journal = {EMBO J},
   volume = {13},
   number = {2},
   pages = {400-6},
   year = {1994}}

@article{Kaufmann_3320,
   author = {Kaufmann, J. and Smale, S. T.},
   title = {Direct recognition of initiator elements by a component of the transcription factor IID complex},
   journal = {Genes Dev},
   volume = {8},
   number = {7},
   pages = {821-9},
   year = {1994}}

@article{Goodrich_3349,
   author = {Goodrich, J. A. and Tjian, R.},
   title = {TBP-TAF complexes: selectivity factors for eukaryotic transcription},
   journal = {Curr Opin Cell Biol},
   volume = {6},
   number = {3},
   pages = {403-9},
   year = {1994}}

@article{Kim_3377,
   author = {Kim, Y. and Geiger, J. H. and Hahn, S. and Sigler, P. B.},
   title = {Crystal structure of a yeast TBP/TATA-box complex},
   journal = {Nature},
   volume = {365},
   number = {6446},
   pages = {512-20},
   year = {1993}}

@article{Kim_3416,
   author = {Kim, J. L. and Nikolov, D. B. and Burley, S. K.},
   title = {Co-crystal structure of TBP recognizing the minor groove of a TATA element},
   journal = {Nature},
   volume = {365},
   number = {6446},
   pages = {520-7},
   year = {1993}}

@article{O'Shea-Greenfield_3450,
   author = {O'Shea-Greenfield, A. and Smale, S. T.},
   title = {Roles of TATA and initiator elements in determining the start site location and direction of RNA polymerase II transcription},
   journal = {J Biol Chem},
   volume = {267},
   number = {2},
   pages = {1391-402},
   year = {1992}}

@article{Inostroza_3473,
   author = {Inostroza, J. A. and Mermelstein, F. H. and Ha, I. and Lane, W. S. and Reinberg, D.},
   title = {Dr1, a TATA-binding protein-associated phosphoprotein and inhibitor of class II gene transcription},
   journal = {Cell},
   volume = {70},
   number = {3},
   pages = {477-89},
   year = {1992}}

@article{Meisterernst_3517,
   author = {Meisterernst, M. and Roeder, R. G.},
   title = {Family of proteins that interact with TFIID and regulate promoter activity},
   journal = {Cell},
   volume = {67},
   number = {3},
   pages = {557-67},
   year = {1991}}

@article{Dynlacht_3551,
   author = {Dynlacht, B. D. and Hoey, T. and Tjian, R.},
   title = {Isolation of coactivators associated with the TATA-binding protein that mediate transcriptional activation},
   journal = {Cell},
   volume = {66},
   number = {3},
   pages = {563-76},
   year = {1991}}

@article{Pugh_3586,
   author = {Pugh, B. F. and Tjian, R.},
   title = {Mechanism of transcriptional activation by Sp1: evidence for coactivators},
   journal = {Cell},
   volume = {61},
   number = {7},
   pages = {1187-97},
   year = {1990}}

@article{Maldonado_3621,
   author = {Maldonado, E. and Ha, I. and Cortes, P. and Weis, L. and Reinberg, D.},
   title = {Factors involved in specific transcription by mammalian RNA polymerase II: role of transcription factors IIA, IID, and IIB during formation of a transcription-competent complex},
   journal = {Mol Cell Biol},
   volume = {10},
   number = {12},
   pages = {6335-47},
   year = {1990}}

@article{Uchida_3659,
   author = {Uchida, K. and Pyle, A. M. and Morii, T. and Barton, J. K.},
   title = {High resolution footprinting of EcoRI and distamycin with Rh(phi)2(bpy)3+, a new photofootprinting reagent},
   journal = {Nucleic Acids Res},
   volume = {17},
   number = {24},
   pages = {10259-79},
   year = {1989}}

@article{Smale_3697,
   author = {Smale, S. T. and Baltimore, D.},
   title = {The "initiator" as a transcription control element},
   journal = {Cell},
   volume = {57},
   number = {1},
   pages = {103-13},
   year = {1989}}

@article{Sambrook_3729,
   author = {Sambrook, J., Fritsch, E.F, Maniatis, T.},
   title = {Molecular cloning: a laboratory manual},
   volume = {3},
   year = {1989}}

@article{Pyle_3738,
   author = {Pyle, A. M. and Rehmann, J. P. and Meshoyrer, R. and Kumar, C. V. and Turro, N. J. and Barton, Jacqueline K.},
   title = {Mixed-ligand complexes of ruthenium(II): factors governing binding to DNA},
   journal = {Journal of the American Chemical Society},
   volume = {111},
   number = {8},
   pages = {3051-3058},
   year = {1989}}

@article{Buratowski_3748,
   author = {Buratowski, S. and Hahn, S. and Guarente, L. and Sharp, P. A.},
   title = {Five intermediate complexes in transcription initiation by RNA polymerase II},
   journal = {Cell},
   volume = {56},
   number = {4},
   pages = {549-61},
   year = {1989}}

@article{Va_3783,
   author = {Van Dyke, M. W. and Roeder, R. G. and Sawadogo, M.},
   title = {Physical analysis of transcription preinitiation complex assembly on a class II gene promoter},
   journal = {Science},
   volume = {241},
   number = {4871},
   pages = {1335-8},
   year = {1988}}

@article{Iverson_3815,
   author = {Iverson, B. L. and Dervan, P. B.},
   title = {Adenine specific DNA chemical sequencing reaction},
   journal = {Nucleic Acids Res},
   volume = {15},
   number = {19},
   pages = {7823-30},
   year = {1987}}

@article{Sawadogo_3840,
   author = {Sawadogo, M. and Roeder, R. G.},
   title = {Interaction of a gene-specific transcription factor with the adenovirus major late promoter upstream of the TATA box region},
   journal = {Cell},
   volume = {43},
   number = {1},
   pages = {165-75},
   year = {1985}}

@article{Parker_3866,
   author = {Parker, C. S. and Topol, J.},
   title = {A Drosophila RNA polymerase II transcription factor contains a promoter-region-specific DNA-binding activity},
   journal = {Cell},
   volume = {36},
   number = {2},
   pages = {357-69},
   year = {1984}}

@article{Hertzberg_3897,
   author = {Hertzberg, R. P. and Dervan, P. B.},
   title = {Cleavage of DNA with methidiumpropyl-EDTA-iron(II): reaction conditions and product analyses},
   journal = {Biochemistry},
   volume = {23},
   number = {17},
   pages = {3934-45},
   year = {1984}}

@article{Va_3928,
   author = {Van Dyke, M. W. and Hertzberg, R. P. and Dervan, P. B.},
   title = {Map of distamycin, netropsin, and actinomycin binding sites on heterogeneous DNA: DNA cleavage-inhibition patterns with methidiumpropyl-EDTA.Fe(II)},
   journal = {Proc Natl Acad Sci U S A},
   volume = {79},
   number = {18},
   pages = {5470-4},
   year = {1982}}

@article{Saxton_3960,
   author = {Saxton, W. O. and Baumeister, W.},
   title = {The correlation averaging of a regularly arranged bacterial cell envelope protein},
   journal = {J Microsc},
   volume = {127},
   number = {Pt 2},
   pages = {127-38},
   year = {1982}}

@article{Matsui_3980,
   author = {Matsui, T. and Segall, J. and Weil, P. A. and Roeder, R. G.},
   title = {Multiple factors required for accurate initiation of transcription by purified RNA polymerase II},
   journal = {J Biol Chem},
   volume = {255},
   number = {24},
   pages = {11992-6},
   year = {1980}}

@article{Bradley_4010,
   author = {Bradley, D.E},
   title = {The preparation of specimen support films. },
   year = {1965}}

@article{Watson_4017,
   author = {Watson, J. D. and Crick, F. H.},
   title = {Molecular structure of nucleic acids; a structure for deoxyribose nucleic acid},
   journal = {Nature},
   volume = {171},
   number = {4356},
   pages = {737-8},
   year = {1953}}

@article{Buratowski_1988,   
	author = {Buratowski, S. and Hahn, S. and Sharp, P. A. and Guarente, L.},
   	title = {Function of a yeast TATA element-binding protein in a mammalian transcription system},
   	journal = {Nature},
   	volume = {334},
   	number = {6177},
   	pages = {37-42},
   	year = {1988}}
@article{Darst_2003,
   author = {Darst, R. P. and Dasgupta, A. and Zhu, C. and Hsu, J. Y. and Vroom, A. and Muldrow, T. and Auble, D. T.},
   title = {Mot1 regulates the DNA binding activity of free TATA-binding protein in an ATP-dependent manner},
   journal = {J Biol Chem},
   volume = {278},
   number = {15},
   pages = {13216-26},
   year = {2003}
}

@article{Bleichenbacher_2003,
   author = {Bleichenbacher, M. and Tan, S. and Richmond, T. J.},
   title = {Novel interactions between the components of human and yeast TFIIA/TBP/DNA complexes},
   journal = {J Mol Biol},
   volume = {332},
   number = {4},
   pages = {783-93},
   year = {2003}
}

@article{Stewart_2004,
   author = {Stewart, A. and Grigorieff, N.},
   title = {Noise bias in the refinement of structures derived from single particles},
   journal = {Ultramicroscopy},
   volume = {102},
   number = {1},
   pages = {67-84},
   year = {2004}
}

@article{Radermacher_1987,
   author = {Radermacher, M. and Wagenknecht, T. and Verschoor, A. and Frank, J.},
   title = {Three-dimensional reconstruction from a single-exposure, random conical tilt series applied to the 50S ribosomal subunit of Escherichia coli},
   journal = {J Microsc},
   volume = {146},
   number = {Pt 2},
   pages = {113-36},
   year = {1987}
}

@article(VanHeel_1987,
   author = {Van Heel, M.},
   title = {Angular reconstitution: a posteriori assignment of projection directions for 3D reconstruction},
   journal = {Ultramicroscopy},
   volume = {21},
   number = {2},
   pages = {111-23},
   year = {1987}
}

@article{DeRosier_1968,
	author = {DeRosier, D. J., and Klug, A.},
	title = {Reconstruction of Three Dimensional Structures from Electron Micrographs},
	journal = {Nature},
	volume = {217},
	pages = {130-3},
	year = {1968}
}

@book{Frank_1996,
	author = {Frank, J.},
	title = {Three-dimensional electron microscopy of macromolecular assemblies},
	publisher = {Academic Press, San Diego, CA},
	year = {1996}
}

@article{Scheres_2009,
   author = {Scheres, S. H. and Melero, R. and Valle, M. and Carazo, J. M.},
   title = {Averaging of electron subtomograms and random conical tilt reconstructions through likelihood optimization},
   journal = {Structure},
   volume = {17},
   number = {12},
   pages = {1563-72},
   year = {2009}
}

@article{Rosenthal_2003,
   author = {Rosenthal, P. B. and Henderson, R.},
   title = {Optimal determination of particle orientation, absolute hand, and contrast loss in single-particle electron cryomicroscopy},
   journal = {J Mol Biol},
   volume = {333},
   number = {4},
   pages = {721-45},
   year = {2003}
}

@article{Henderson_2011,
   author = {Henderson, R. and Chen, S. and Chen, J. Z. and Grigorieff, N. and Passmore, L. A. and Ciccarelli, L. and Rubinstein, J. L. and Crowther, R. A. and Stewart, P. L. and Rosenthal, P. B.},
   title = {Tilt-pair analysis of images from a range of different specimens in single-particle electron cryomicroscopy},
   journal = {J Mol Biol},
   volume = {413},
   number = {5},
   year = {2011}
}

@article{Lau_2010,
   author = {Lau, W. C. and Rubinstein, J. L.},
   title = {Structure of intact Thermus thermophilus V-ATPase by cryo-EM reveals organization of the membrane-bound V(O) motor},
   journal = {Proc Natl Acad Sci U S A},
   volume = {107},
   number = {4},
   pages = {1367-72},
   year = {2010}
}

@article{Baker_2012,
   author = {Baker, L. A. and Watt, I. N. and Runswick, M. J. and Walker, J. E. and Rubinstein, J. L.},
   title = {Arrangement of subunits in intact mammalian mitochondrial ATP synthase determined by cryo-EM},
   journal = {Proc Natl Acad Sci U S A},
   volume = {109},
   number = {29},
   pages = {11675-80},
   year = {2012}
}

@article{Brunger_1992,
   author = {Brunger, A. T.},
   title = {Free R value: a novel statistical quantity for assessing the accuracy of crystal structures},
   journal = {Nature},
   volume = {355},
   number = {6359},
   pages = {472-5},
   year = {1992}
}

@article{Lander_2012,
   author = {Lander, G. C. and Estrin, E. and Matyskiela, M. E. and Bashore, C. and Nogales, E. and Martin, A.},
   title = {Complete subunit architecture of the proteasome regulatory particle},
   journal = {Nature},
   volume = {482},
   number = {7384},
   pages = {186-91},
   year = {2012}
}

@article{Jadzinsky_2007,
   author = {Jadzinsky, P. D. and Calero, G. and Ackerson, C. J. and Bushnell, D. A. and Kornberg, R. D.},
   title = {Structure of a thiol monolayer-protected gold nanoparticle at 1.1 A resolution},
   journal = {Science},
   volume = {318},
   number = {5849},
   pages = {430-3},
   year = {2007}
}

@article{Hall,
   author = {Hall, R. J. and Nogales, E. and Glaeser, R. M.},
   title = {Accurate modeling of single-particle cryo-EM images quantitates the benefits expected from using Zernike phase contrast},
   journal = {J Struct Biol},
   volume = {174},
   number = {3},
   pages = {468-75},
   year = {2011}
}

@article{Milazzo_2011,
   author = {Milazzo, A. C. and Cheng, A. and Moeller, A. and Lyumkis, D. and Jacovetty, E. and Polukas, J. and Ellisman, M. H. and Xuong, N. H. and Carragher, B. and Potter, C. S.},
   title = {Initial evaluation of a direct detection device detector for single particle cryo-electron microscopy},
   journal = {J Struct Biol},
   volume = {176},
   number = {3},
   pages = {404-8},
   year = {2011}
}

@article{Campell_2012,
   author = {Campbell, M. G. and Cheng, A. and Brilot, A. F. and Moeller, A. and Lyumkis, D. and Veesler, D. and Pan, J. and Harrison, S. C. and Potter, C. S. and Carragher, B. and Grigorieff, N.},
   title = {Movies of Ice-Embedded Particles Enhance Resolution in Electron Cryo-Microscopy},
   journal = {Structure},
   year = {2012}
}

@article{Nagayama_2011,
   author = {Nagayama, K.},
   title = {Another 60 years in electron microscopy: development of phase-plate electron microscopy and biological applications},
   journal = {J Electron Microsc (Tokyo)},
   volume = {60 Suppl 1},
   pages = {S43-62},
   year = {2011}
}

@article{Tsai_2000,
   author = {Tsai, F. T. and Sigler, P. B.},
   title = {Structural basis of preinitiation complex assembly on human pol II promoters},
   journal = {EMBO J},
   volume = {19},
   number = {1},
   pages = {25-36},
   year = {2000}
}

@article{Deng_2005,
   author = {Deng, W. and Roberts, S. G.},
   title = {A core promoter element downstream of the TATA box that is recognized by TFIIB},
   journal = {Genes Dev},
   volume = {19},
   number = {20},
   pages = {2418-23},
   year = {2005}
}

@article{Lagrange_1998,
   author = {Lagrange, T. and Kapanidis, A. N. and Tang, H. and Reinberg, D. and Ebright, R. H.},
   title = {New core promoter element in RNA polymerase II-dependent transcription: sequence-specific DNA binding by transcription factor IIB},
   journal = {Genes Dev},
   volume = {12},
   number = {1},
   pages = {34-44},
   year = {1998}
}

@article{Evans_2001,
   author = {Evans, R. and Fairley, J. A. and Roberts, S. G.},
   title = {Activator-mediated disruption of sequence-specific DNA contacts by the general transcription factor TFIIB},
   journal = {Genes Dev},
   volume = {15},
   number = {22},
   pages = {2945-9},
   year = {2001}
}

@article{Sanders_2002,
   author = {Sanders, S. L. and Garbett, K. A. and Weil, P. A.},
   title = {Molecular characterization of Saccharomyces cerevisiae TFIID},
   journal = {Mol Cell Biol},
   volume = {22},
   number = {16},
   pages = {6000-13},
   year = {2002}
}

@article{Pereira_2004,
   author = {Pereira, L. A. and Klejman, M. P. and Ruhlmann, C. and Kavelaars, F. and Oulad-Abdelghani, M. and Timmers, H. T. and Schultz, P.},
   title = {Molecular architecture of the basal transcription factor B-TFIID},
   journal = {J Biol Chem},
   volume = {279},
   number = {21},
   pages = {21802-7},
   year = {2004}
}

@article{Wollman_2011,
   author = {Wollmann, P. and Cui, S. and Viswanathan, R. and Berninghausen, O. and Wells, M. N. and Moldt, M. and Witte, G. and Butryn, A. and Wendler, P. and Beckmann, R. and Auble, D. T. and Hopfner, K. P.},
   title = {Structure and mechanism of the Swi2/Snf2 remodeller Mot1 in complex with its substrate TBP},
   journal = {Nature},
   volume = {475},
   number = {7356},
   pages = {403-7},
   year = {2011}
}

@article{Schultz_2000,
   author = {Schultz, P. and Fribourg, S. and Poterszman, A. and Mallouh, V. and Moras, D. and Egly, J. M.},
   title = {Molecular structure of human TFIIH},
   journal = {Cell},
   volume = {102},
   number = {5},
   pages = {599-607},
   year = {2000}
}

@article{Vermeulen_2007,
   author = {Vermeulen, M. and Mulder, K. W. and Denissov, S. and Pijnappel, W. W. and van Schaik, F. M. and Varier, R. A. and Baltissen, M. P. and Stunnenberg, H. G. and Mann, M. and Timmers, H. T.},
   title = {Selective anchoring of TFIID to nucleosomes by trimethylation of histone H3 lysine 4},
   journal = {Cell},
   volume = {131},
   number = {1},
   pages = {58-69},
   year = {2007}
}

@article(Jacobson_2000,
   author = {Jacobson, R. H. and Ladurner, A. G. and King, D. S. and Tjian, R.},
   title = {Structure and function of a human TAFII250 double bromodomain module},
   journal = {Science},
   volume = {288},
   number = {5470},
   pages = {1422-5},
   year = {2000}
}

@article{Bustamante_2000,
   author = {Bustamante, C. and Smith, S. B. and Liphardt, J. and Smith, D.},
   title = {Single-molecule studies of DNA mechanics},
   journal = {Curr Opin Struct Biol},
   volume = {10},
   number = {3},
   pages = {279-85},
   year = {2000}
}

@book{Kirkland,
	author = {Kirkland, E.J.},
	title = {Advanced Computing in Electron Microscopy},
	publisher = {Plenum Press, New York, NY},
	year = {1998}
}

@article{Goodman,
	author = {Goodman, P. and Moodie, A. F.},
	title = {Numerical evaluations of {\it N}-beam wave functions in electron scattering by the multi-slice method},
	journal = {Acta Crystallographica Section A},
	year = {1974},
	volume = {30},
	number = {2},
	pages = {280-290},
}

@article{Ozer_1998,
   author = {Ozer, J. and Mitsouras, K. and Zerby, D. and Carey, M. and Lieberman, P. M.},
   title = {Transcription factor IIA derepresses TATA-binding protein (TBP)-associated factor inhibition of TBP-DNA binding},
   journal = {J Biol Chem},
   volume = {273},
   number = {23},
   pages = {14293-300},
   year = {1998}
}

@article{Hainfeld_2000,
   author = {Hainfeld, J. F. and Powell, R. D.},
   title = {New frontiers in gold labeling},
   journal = {J Histochem Cytochem},
   volume = {48},
   number = {4},
   pages = {471-80},
   year = {2000}
}

