../Bib_Thesis_label_less3.bib